<record><leader>00000cas a22000007a 4500</leader><controlfield tag="001">14512301</controlfield><controlfield tag="008">861023d18851911caucr ne      0    0eng d</controlfield><datafield ind1=" " ind2=" " tag="010"><subfield code="a">sn 86076441 </subfield></datafield><datafield ind1=" " ind2=" " tag="040"><subfield code="a">NNX</subfield><subfield code="b">eng</subfield><subfield code="c">NNX</subfield><subfield code="d">CNK</subfield><subfield code="d">OCL</subfield><subfield code="d">OCLCQ</subfield><subfield code="d">OCLCF</subfield><subfield code="d">CNK</subfield><subfield code="d">OCLCO</subfield></datafield><datafield ind1="1" ind2=" " tag="029"><subfield code="a">AU@</subfield><subfield code="b">000025805484</subfield></datafield><datafield ind1=" " ind2=" " tag="042"><subfield code="a">msc</subfield></datafield><datafield ind1=" " ind2=" " tag="043"><subfield code="a">n-us-ca</subfield></datafield><datafield ind1="0" ind2=" " tag="130"><subfield code="a">Truckee semi-weekly Republican (Truckee, Calif. : 1885)</subfield></datafield><datafield ind1="1" ind2="0" tag="245"><subfield code="a">Truckee semi-weekly Republican.</subfield></datafield><datafield ind1="1" ind2="7" tag="246"><subfield code="a">Semi-weekly Truckee Republican</subfield><subfield code="f">Apr. 1, 1885-Nov. 27, 1886</subfield></datafield><datafield ind1=" " ind2=" " tag="260"><subfield code="a">Truckee, Nev. County, Calif. :</subfield><subfield code="b">C.F. McGlashan</subfield></datafield><datafield ind1=" " ind2=" " tag="300"><subfield code="a">v.</subfield></datafield><datafield ind1=" " ind2=" " tag="310"><subfield code="a">Semiweekly</subfield></datafield><datafield ind1="0" ind2=" " tag="362"><subfield code="a">Vol. 14, no. 30 (Apr. 1, 1885)-v. 42, no. 95 (Oct. 28, 1911).</subfield></datafield><datafield ind1=" " ind2=" " tag="530"><subfield code="a">Master negatives are available for duplication from:</subfield><subfield code="b">California Newspaper Microfilm Archive;</subfield><subfield code="c">for further information consult the CNMA at:</subfield><subfield code="u">http://cbsr.ucr.edu.</subfield></datafield><datafield ind1=" " ind2="0" tag="651"><subfield code="a">Truckee (Calif.)</subfield><subfield code="v">Newspapers.</subfield></datafield><datafield ind1=" " ind2="7" tag="651"><subfield code="a">California</subfield><subfield code="z">Truckee.</subfield><subfield code="2">fast</subfield><subfield code="0">(OCoLC)fst01219045</subfield></datafield><datafield ind1=" " ind2="7" tag="655"><subfield code="a">Newspapers.</subfield><subfield code="2">fast</subfield><subfield code="0">(OCoLC)fst01423814</subfield></datafield><datafield ind1=" " ind2=" " tag="752"><subfield code="a">United States</subfield><subfield code="b">California</subfield><subfield code="c">Nevada</subfield><subfield code="d">Truckee.</subfield></datafield><datafield ind1="0" ind2="0" tag="780"><subfield code="t">Truckee Republican (Truckee, Calif. : 1882)</subfield><subfield code="w">(DLC)sn 86076440</subfield></datafield><datafield ind1="0" ind2="0" tag="785"><subfield code="t">Truckee Republican (Truckee, Calif. : 1911)</subfield><subfield code="w">(DLC)sn 94051083</subfield></datafield></record>